<?xml version="1.0" encoding="UTF-8"?><collection><record><leader>02920ntm a2200481 a 4500</leader><controlfield tag="001">005231663</controlfield><controlfield tag="003">MiAaHDL</controlfield><controlfield tag="005">20190719000000.0</controlfield><controlfield tag="006">m        d        </controlfield><controlfield tag="007">cr bn ---auaua</controlfield><controlfield tag="008">060605s1585    |||bd         000 0 ara  </controlfield><datafield tag="035" ind1=" " ind2=" "><subfield code="a">(MiU)005231663</subfield></datafield><datafield tag="035" ind1=" " ind2=" "><subfield code="a">sdr-miu005231663</subfield></datafield><datafield tag="035" ind1=" " ind2=" "><subfield code="a">(OCoLC)81282237</subfield></datafield><datafield tag="035" ind1=" " ind2=" "><subfield code="a">(RLIN)MIUG06-B2420</subfield></datafield><datafield tag="040" ind1=" " ind2=" "><subfield code="a">MiU</subfield><subfield code="c">MiU</subfield></datafield><datafield tag="100" ind1="1" ind2=" "><subfield code="6">880-01</subfield><subfield code="a">Sipahizade Mehmet bin Ali,</subfield><subfield code="d">d. 1588 or 9.</subfield></datafield><datafield tag="245" ind1="1" ind2="0"><subfield code="6">880-03</subfield><subfield code="a">Awḍaḥ al-masālik ilà maʻrifat al-buldān wa al-mamālik,</subfield><subfield code="f">[993, i.e. 1585].</subfield></datafield><datafield tag="260" ind1=" " ind2=" "><subfield code="c">[1585].</subfield></datafield><datafield tag="300" ind1=" " ind2=" "><subfield code="a">1 v. ([347] p.) :</subfield><subfield code="b">paper ;</subfield><subfield code="c">27.25 cm.</subfield></datafield><datafield tag="500" ind1=" " ind2=" "><subfield code="a">Origin: Possibly author's working copy, with many notes in marginalia. This copy finished 993/1585.</subfield></datafield><datafield tag="500" ind1=" " ind2=" "><subfield code="a">Decoration: Titles and place names in red and gold ink. Central text on each page is framed in simple blue and gold border. Initial page features an elaborite design in blue, gold, orange, and green paint. Incidental maps and diagrams in margins are usually executed in blue ink. Map of Mediterranean world laid in page 22. A single page of notes with diagram depicting the kaʻbah as the center of the world along with many notes is laid into this codex.</subfield></datafield><datafield tag="500" ind1=" " ind2=" "><subfield code="a">Script: Text written in naskh script with black ink.</subfield></datafield><datafield tag="500" ind1=" " ind2=" "><subfield code="a">Binding: Leather bound codex with tooling on upper and lower covers as well as envelope flap; gold paint on medalions.</subfield></datafield><datafield tag="500" ind1=" " ind2=" "><subfield code="a">Title from rubricated inscription on opening leaf (p.3) and inscription on 'title page' (p.7).</subfield></datafield><datafield tag="500" ind1=" " ind2=" "><subfield code="a">Ms. codex.</subfield></datafield><datafield tag="510" ind1="4" ind2=" "><subfield code="a">GAL,</subfield><subfield code="c">v. II, p. 453, no. 4.</subfield></datafield><datafield tag="510" ind1="4" ind2=" "><subfield code="a">Hagen, Gottfried. “Kâtib Çelebi and Sipâhîzâde.” In Essays in honour of Ekmeleddin İhsanoğlu, ed. Mustafa Kaçar and Zeynep Durukal (Istanbul: IRCICA 2006),</subfield><subfield code="c">525-542.</subfield></datafield><datafield tag="520" ind1=" " ind2=" "><subfield code="a">Geographical work ; geographical dictionary.</subfield></datafield><datafield tag="538" ind1=" " ind2=" "><subfield code="a">Mode of access: Internet.</subfield></datafield><datafield tag="541" ind1=" " ind2=" "><subfield code="c">Purchase ;</subfield><subfield code="a">Acquired by purchase (funds donated by Horace Rackham).</subfield><subfield code="d">1924.</subfield></datafield><datafield tag="545" ind1=" " ind2=" "><subfield code="a">Died 997/1587. Wrote works on numerous religious sciences, medicine, astronomy, and rhetoric.</subfield></datafield><datafield tag="546" ind1=" " ind2=" "><subfield code="a">Arabic.</subfield></datafield><datafield tag="561" ind1=" " ind2=" "><subfield code="a">Former owners' marks on 'title page' (p.7) include several seal impressions (mainly oval) and obscured statements ; oval seal impressions on incipit page (p.8).</subfield></datafield><datafield tag="650" ind1=" " ind2="0"><subfield code="a">Manuscripts, Arabic</subfield><subfield code="z">Michigan</subfield><subfield code="z">Ann Arbor.</subfield></datafield><datafield tag="650" ind1=" " ind2="0"><subfield code="a">Geography</subfield><subfield code="v">Early works to 1800.</subfield></datafield><datafield tag="650" ind1=" " ind2="0"><subfield code="a">Geography, Arab</subfield><subfield code="v">Early works to 1800.</subfield></datafield><datafield tag="650" ind1=" " ind2="0"><subfield code="a">Geography</subfield><subfield code="z">Turkey</subfield><subfield code="y">Ottoman Empire, 1288-1918</subfield><subfield code="v">Early works to 1800.</subfield></datafield><datafield tag="655" ind1=" " ind2="7"><subfield code="a">Headpieces (layout features)</subfield><subfield code="y">16th century.</subfield><subfield code="2">aat</subfield></datafield><datafield tag="700" ind1="0" ind2=" "><subfield code="a">Abdülhamid</subfield><subfield code="b">II,</subfield><subfield code="c">Sultan of the Turks,</subfield><subfield code="d">1842-1918,</subfield><subfield code="e">former owner.</subfield></datafield><datafield tag="773" ind1="0" ind2=" "><subfield code="a">Abdul Hamid Collection.</subfield></datafield><datafield tag="880" ind1="1" ind2="0"><subfield code="6">245-03/</subfield><subfield code="a">اوضح المسالك الى معرفة البلدان والممالك،</subfield><subfield code="f">[993ه, 1585م].</subfield></datafield><datafield tag="880" ind1="1" ind2=" "><subfield code="6">100-01/</subfield><subfield code="a">سپاهي زاده، محمد بن على.</subfield></datafield><datafield tag="CID" ind1=" " ind2=" "><subfield code="a">005231663</subfield></datafield><datafield tag="DAT" ind1="0" ind2=" "><subfield code="a">20190719102633.0</subfield><subfield code="b">20190719000000.0</subfield></datafield><datafield tag="DAT" ind1="1" ind2=" "><subfield code="a">20190719090653.0</subfield><subfield code="b">2019-07-19T16:11:04Z</subfield></datafield><datafield tag="DAT" ind1="2" ind2=" "><subfield code="a">2015-10-02T18:00:03Z</subfield></datafield><datafield tag="CAT" ind1=" " ind2=" "><subfield code="a">SDR-MIU</subfield><subfield code="d">EX LIBRIS - ALEPH</subfield><subfield code="l">prepare.pl-004-008</subfield></datafield><datafield tag="FMT" ind1=" " ind2=" "><subfield code="a">BK</subfield></datafield><datafield tag="HOL" ind1=" " ind2=" "><subfield code="0">sdr-miu005231663</subfield><subfield code="a">MiU</subfield><subfield code="b">SDR</subfield><subfield code="c">MIU</subfield><subfield code="p">mdp.39015081446448</subfield><subfield code="s">MIU</subfield><subfield code="1">005231663</subfield></datafield><datafield tag="974" ind1=" " ind2=" "><subfield code="b">MIU</subfield><subfield code="c">MIU</subfield><subfield code="d">20190719</subfield><subfield code="s">lit-dlps-dc</subfield><subfield code="u">mdp.39015081446448</subfield><subfield code="y">1585</subfield><subfield code="r">pd</subfield><subfield code="q">bib</subfield><subfield code="t">non-US bib date1 &lt; 1879</subfield></datafield></record></collection>